2970 5032
651 401 829 455 ..rv-

165 545 280 633 decimi
303 587 372 630 esse
397 569 531 649 constet,
555 568 587 630 et
605 565 733 629 libellus
757 562 827 649 ipsc
847 564 928 628 satis
948 564 1100 647 antiquus
1120 563 1172 647 sit,
1195 563 1313 646 quippe

166 695 205 738 ex
229 695 291 757 quo
310 671 474 736 Palladius
494 693 575 756 quae
594 671 633 736 de
657 671 873 735 architectura
895 670 994 735 habet
1017 669 1171 748 hauserit,
1195 691 1313 753 operae

165 801 216 844 mc
234 779 396 843 facturum
416 800 486 844 esse
504 781 583 863 puto
603 778 751 862 pretium,
775 777 802 840 si
822 779 855 840 et
872 776 1004 841 titulum
1024 781 1057 840 et
1074 777 1184 841 uarias
1204 776 1314 840 lectio-

164 907 223 950 nes
246 885 308 950 hoc
331 884 403 950 loco
428 889 573 970 repetam
597 884 650 971 (ex
669 872 964 969 Sitzungsberichte
988 881 1044 946 der
1061 883 1194 948 Wiener
1215 883 1313 947 Acad.

166 992 251 1057 1811
278 990 418 1057 October
441 1015 471 1076 p.
490 991 547 1078 32)

299 1170 302 1177 ·
375 1136 418 1216 R.
443 1148 789 1218 GETIFAVENTINI
812 1149 942 1216 ARTIS
966 1147 1103 1215 ARCHI

283 1281 291 1288 ·
386 1255 684 1324 TROTIONIOAE
708 1255 914 1324 PRIVATIS
937 1253 1093 1322 VSIBVS

504 1362 818 1430 ADBREVIATVS
842 1363 975 1428 LIBER

167 1505 254 1570 Rose
277 1529 308 1590 p.
324 1506 403 1591 287,
428 1508 444 1570 1
471 1506 515 1571 dc
538 1507 617 1571 artis
647 1506 915 1572 architectonicae
944 1505 1075 1589 peritia]
1107 1507 1186 1571 artis
1211 1506 1314 1571 archi·

163 1613 360 1678 tectionicae
385 1613 537 1697 peritiam
605 1610 754 1699 2Ρο1101
779 1613 883 1678 Pollio
952 1613 1130 1693 bornarc]
1165 1612 1314 1678 ordinare

168 1720 188 1784 8
221 1719 391 1803 quibusue]
426 1719 606 1804 quibusque
676 1719 907 1800 aedificiorum]
941 1719 1086 1783 aedificio
1163 1720 1203 1783 10
1236 1720 1313 1801 alia]

168 1827 321 1891 cantitetur
376 1847 457 1909 quae
486 1824 676 1891 aedificandi
704 1823 821 1912 gratia]
851 1826 966 1910 quibus
995 1825 1183 1890 aedificandi
1207 1827 1315 1912 gratia
1375 1840 1383 1855 ‘

172 1935 211 1998 11
237 1934 424 2018 cognosces]
450 1953 546 2017 cog..
568 1933 689 2015 reliqua
704 1932 874 2015 perierunt.

258 2038 343 2105 Rose
371 2061 401 2122 p.
420 2039 484 2104 286
509 2038 524 2103 Ι
549 2038 832 2121 architectonicae]
861 2038 1092 2104 architectione
1160 2036 1208 2103 IV
1232 2042 1314 2102 stru-

170 2146 282 2227 cturis]
313 2146 487 2211 eorundem
514 2147 584 2210 add.
652 2144 682 2211 V
706 2167 808 2229 aquae
836 2146 1017 2230 probanda]
1047 2166 1128 2236 aque
1152 2144 1316 2229 probando

168 2246 270 2339 (310)μ
296 2251 376 2318 VIII
399 2254 528 2333 natura]
557 2252 730 2317 natiuitate
757 2252 926 2337 probanda
979 2250 1026 2316 XI
1049 2251 1213 2336 parandis]
1243 2272 1317 2334 pro-

169 2359 284 2425 bandis
343 2357 406 2422 XII
429 2359 600 2439 cassionis]
626 2357 764 2423 cesionis
819 2357 897 2424 XIX
921 2380 1017 2443 super
1039 2357 1314 2441 contignationes]

170 2487 269 2549 supra
300 2464 521 2550 contigua...
611 2463 706 2529 XXII
742 2466 1038 2545 caementiciorum]
1072 2465 1247 2529 caementic
1263 2515 1269 2527 .
1286 2515 1315 2529 ..

151 2568 280 2635 'XXIII
299 2570 446 2637 hum...
475 2572 603 2637 soli...
689 2570 782 2638 XXV
800 2573 935 2656 pict...
1024 2570 1133 2637 XXVI
1157 2571 1191 2634 in
1210 2571 1316 2635 hieme

170 2678 316 2761 tepeant]
341 2677 409 2741 sinc
432 2677 502 2762 igni
524 2677 629 2742 hieme
652 2681 726 2762 tepe
741 2727 748 2742 .
762 2728 792 2743 ..
850 2678 942 2743 XXX
966 2678 1005 2743 de
1028 2677 1140 2742 maltis
1164 2677 1315 2773 diuersis]

171 2785 260 2868 deest,
283 2783 375 2848 buires
397 2785 526 2866 capituti
549 2785 611 2849 1000
635 2785 744 2868 lepitur
766 2785 873 2870 Expli.

260 2960 436 3026 neroum
464 2961 511 3027 15.
533 2961 671 3046 Augusti
698 2964 791 3062 rare.

1011 3150 1062 3217 Η.
1089 3149 1209 3217 Nohl.

678 3512 808 3567 NOTAE.

509 3651 526 3688 a
543 3635 619 3705 *aar
640 3643 656 3690 4
675 3638 741 3692 riori
758 3636 789 3690 in

509 3741 527 3776 a
545 3723 675 3797 <128,7>
693 3727 725 3780 iu
743 3726 822 3781 libris
840 3725 976 3780 omittitur

509 3829 526 3866 a
545 3815 598 3882 (54,
614 3817 656 3884 16)
676 3815 742 3868 libri
760 3830 777 3868 a
795 3816 878 3884 partu

669 3903 739 3957 Rose
756 3906 870 3972 partum
