2962 5018
508 1343 888 1434 PRAEFATIO.

210 1657 425 1725 Continentur
456 1639 519 1723 hoe
545 1658 650 1724 indice
684 1663 716 1724 et
748 1660 908 1726 uocabula
935 1660 1130 1728 Vitruuiana
1160 1664 1269 1730 omnia

123 1770 153 1831 et
176 1789 287 1833 omnes
310 1767 387 1851 loci,
416 1765 472 1830 ubi
500 1765 664 1850 leguntur,
692 1766 756 1830 nisi
785 1767 870 1850 quod
897 1769 932 1833 in
960 1768 1026 1835 his:
1055 1771 1221 1835 00100100
1243 1775 1272 1836 01

121 1876 283 1940 1010110
309 1895 373 1939 000
400 1878 444 1938 cst
469 1877 544 1938 0001
570 1872 637 1956 qai,
668 1893 750 1956 quae
779 1872 814 1938 in
845 1873 958 1956 quauis
988 1876 1111 1960 pagina
1141 1877 1270 1960 saepius

122 1984 306 2065 occurrunt,
335 2003 389 2046 eos
413 1983 540 2045 tantum
564 1979 652 2043 locos
676 1978 857 2063 adscriptos
886 1981 1045 2065 inuenies,
1076 1982 1133 2047 ubi
1156 1983 1268 2048 inuitis

122 2090 286 2155 codicibus
311 2090 367 2151 aut
391 2086 512 2152 omissa
535 2087 591 2149 aut
614 2087 741 2150 mutata
765 2090 822 2151 aut
844 2086 968 2152 inserta
986 2091 1070 2152 sunt.
1107 2087 1269 2153 Hortante

122 2220 174 2282 00,
202 2217 296 2280 quem
325 2193 426 2259 totius
457 2191 565 2275 operis
593 2194 757 2257 auctorem
786 2197 882 2277 atque
910 2192 1140 2278 instigatorem
1168 2194 1267 2259 habui

121 2303 159 2369 n.
183 2301 358 2385 Schoenio,
387 2321 425 2364 00
452 2298 624 2378 uocabula,
652 2319 734 2382 quae
763 2299 857 2363 aliter
884 2299 918 2364 in
947 2305 1101 2365 contextu
1124 2301 1268 2367 Rosiano

121 2411 273 2494 leguntur
297 2410 393 2491 atque
417 2406 451 2471 in
478 2405 655 2490 codicibus,
686 2406 840 2471 asterisco
869 2408 997 2492 notaui,
1023 2407 1071 2473 ita
1097 2411 1207 2473 tamen
1233 2412 1270 2474 ut

122 2536 203 2601 quae
236 2515 421 2581 coniectura
453 2534 586 2597 prorsus
620 2515 746 2577 mutata
778 2515 866 2597 sunt,
899 2514 1024 2600 omnia,
1061 2535 1098 2578 ea
1130 2537 1268 2599 quorum

120 2622 365 2687 terminationes
388 2624 516 2685 tantum
538 2622 688 2704 0000100,
711 2618 836 2685 delectu
858 2620 972 2686 habito
997 2621 1187 2705 indicarem,
1206 2644 1269 2707 qua

120 2729 155 2793 iu
178 2750 212 2793 re
235 2728 371 2794 nimium
394 2749 446 2792 me
469 2726 582 2791 fecisse
610 2747 707 2810 quarn
730 2748 846 2811 parum
873 2728 975 2793 uideri
999 2727 1108 2792 malui.
1153 2726 1266 2811 Neque

121 2858 198 2902 uero
219 2858 256 2900 00
275 2834 372 2899 omisi
391 2832 559 2917 uocabula,
583 2854 663 2917 quae
687 2854 759 2898 curn
782 2833 817 2897 in
840 2834 933 2900 libris
953 2835 1112 2920 legantur,
1131 2856 1150 2898 0
1168 2833 1267 2900 Rosia

121 2947 177 3008 aut
201 2943 303 3007 eiecta
326 2943 383 3006 aut
406 2943 533 3005 mutata
561 2943 661 3025 0001,Ι
677 2941 832 3006 nonnulla
855 2942 941 3006 enim
970 2943 1055 3006 certe
1084 2941 1112 3004 01
1136 2941 1169 3006 in
1193 2962 1267 3006 eon·

119 3053 243 3114 textum
275 3047 460 3132 recipienda
490 3046 633 3132 fuerant,
660 3050 698 3111 ut
728 3048 896 3130 0101001010
929 3048 1089 3125 tinnitum,
1123 3047 1161 3111 de
1194 3047 1266 3111 aliis

119 3156 265 3221 dubitare
287 3155 378 3238 11001,
407 3153 473 3219 0110
500 3153 615 3238 quibus
639 3153 830 3237 praesertim
853 3153 943 3218 uitiis
967 3154 1093 3219 codices
1118 3154 1265 3237 corrupti

121 3262 187 3327 sint
209 3263 334 3328 docent.

209 3367 348 3454 Graeca,
381 3390 462 3453 quae
497 3369 623 3453 graecis
655 3366 774 3433 litteris
807 3390 826 3431 0
852 3366 952 3433 Rosio
982 3366 1165 3432 scribuntur
1193 3390 1265 3432 cum

121 3478 186 3542 suis
209 3477 289 3542 loeis
311 3476 431 3542 inserui
455 3478 525 3540 tum
543 3475 578 3540 in
595 3476 659 3541 fine
679 3475 789 3541 omnia
808 3474 984 3559 composui,
1008 3474 1138 3539 omissis
1157 3478 1267 3539 tamen

121 3584 365 3669 epigrammatis
389 3606 471 3668 quae
494 3605 528 3667 p.
546 3584 620 3649 201.
640 3583 706 3649 202
729 3583 890 3669 leguntur.
940 3570 943 3575 ’

208 3689 360 3774 Sequitur
389 3693 580 3775 conspectus
608 3693 759 3756 notarum
786 3688 1015 3771 numeralium,
1042 3688 1153 3772 quales
1181 3688 1266 3772 apud

122 3794 258 3861 ltosium
279 3800 312 3861 et
334 3798 369 3862 in
393 3797 557 3863 codicibus
581 3799 706 3883 extant3
731 3794 917 3861 emendatas
941 3794 1086 3860 inuenies
1110 3795 1143 3859 in
1167 3816 1266 3859 auna-

121 3901 207 3967 libus
221 3901 494 3968 Fleckeisenianis
509 3926 537 3969 a.
553 3903 638 3969 1816
653 3925 684 3987 p.
698 3903 761 3967 251
779 3924 856 3988 sqq.,
875 3902 931 3966 ubi
946 3900 1135 3968 Hultschius
1151 3899 1268 3965 doctis·

120 4008 200 4072 sime
224 4008 262 4074 de
286 4009 326 4074 iis
350 4009 538 4095 disputauit.

207 4114 353 4200 Denique
385 4116 487 4182 adieci
520 4117 640 4181 selecta
670 4116 828 4201 epitomes
856 4115 1069 4181 Vitruuianae
1099 4114 1266 4199 uocabula,

121 4222 210 4286 cuius
239 4225 404 4286 auctorem
432 4222 547 4288 folium
577 4223 619 4287 ab
647 4221 678 4288 J.
701 4221 847 4307 Hauptio
875 4244 977 4306 nuper
1004 4222 1039 4285 in
1066 4220 1267 4284 bibliotheca

118 4326 364 4393 Vindobonensi
383 4332 547 4412 repertum
566 4328 665 4413 (nune
684 4326 795 4414 Suppl.
813 4327 914 4416 2867)
933 4329 977 4393 M.
995 4325 1122 4391 Cetium
1141 4325 1264 4390 Fauen·

118 4435 223 4499 tinum
260 4434 419 4519 praebuit.
464 4434 556 4511 Quod
589 4435 702 4501 folium
734 4458 805 4500 cum
838 4435 954 4500 saeculi
985 4433 1062 4498 noni
1093 4433 1145 4496 uel
1178 4438 1264 4498 certe
